@book{AES,
	author    = {Joan Daemen and Vincent Rijmen},
	title     = {The Design of {Rijndael}: {AES} -- The {Advanced Encryption Standard}},
	series    = {Information Security and Cryptography},
	publisher = {Springer},
	year      = {2002},
	doi       = {10.1007/978-3-662-04722-4},
	isbn      = {3-540-42580-2}
}
